@inproceedings{martens2010deep,
  title={Deep learning via Hessian-free optimization},
  author={Martens, James},
  booktitle={Proceedings of the 27th International Conference on Machine Learning (ICML-10)},
  pages={735--742},
  year={2010}
}

@inproceedings{martens2011learning,
  title={Learning recurrent neural networks with hessian-free optimization},
  author={Martens, James and Sutskever, Ilya},
  booktitle={Proceedings of the 28th International Conference on Machine Learning (ICML-11)},
  pages={1033--1040},
  year={2011}
}

@inproceedings{sutskever2011generating,
  title={Generating text with recurrent neural networks},
  author={Sutskever, Ilya and Martens, James and Hinton, Geoffrey E},
  booktitle={Proceedings of the 28th International Conference on Machine Learning (ICML-11)},
  pages={1017--1024},
  year={2011}
}

@article{boulanger2012modeling,
  title={Modeling temporal dependencies in high-dimensional sequences: Application to polyphonic music generation and transcription},
  author={Boulanger-Lewandowski, Nicolas and Bengio, Yoshua and Vincent, Pascal},
  journal={arXiv preprint arXiv:1206.6392},
  year={2012}
}

@inproceedings{bengio2013advances,
  title={Advances in optimizing recurrent networks},
  author={Bengio, Yoshua and Boulanger-Lewandowski, Nicolas and Pascanu, Razvan},
  booktitle={Acoustics, Speech and Signal Processing (ICASSP), 2013 IEEE International Conference on},
  pages={8624--8628},
  year={2013},
  organization={IEEE}
}

@article{pascanu2013construct,
  title={How to Construct Deep Recurrent Neural Networks},
  author={Pascanu, Razvan and Gulcehre, Caglar and Cho, Kyunghyun and Bengio, Yoshua},
  journal={arXiv preprint arXiv:1312.6026},
  year={2013}
}

@inproceedings{graves2013speech,
  title={Speech recognition with deep recurrent neural networks},
  author={Graves, Alex and Mohamed, Abdel-rahman and Hinton, Geoffrey},
  booktitle={Acoustics, Speech and Signal Processing (ICASSP), 2013 IEEE International Conference on},
  pages={6645--6649},
  year={2013},
  organization={IEEE}
}

@article{schmidhuber2014deep,
  title={Deep Learning in Neural Networks: An Overview},
  author={Schmidhuber, Juergen},
  journal={arXiv preprint arXiv:1404.7828},
  year={2014}
}

@article{lytton2002hodgkin,
  title={Hodgkin-Huxley Model},
  author={Lytton, William W},
  journal={From Computer to Brain: Foundations of Computational Neuroscience},
  pages={213--238},
  year={2002},
  publisher={Springer}
}

@inproceedings{dahl2013improving,
  title={Improving deep neural networks for LVCSR using rectified linear units and dropout},
  author={Dahl, George E and Sainath, Tara N and Hinton, Geoffrey E},
  booktitle={Acoustics, Speech and Signal Processing (ICASSP), 2013 IEEE International Conference on},
  pages={8609--8613},
  year={2013},
  organization={IEEE}
}

@article{werbos1990backpropagation,
  title={Backpropagation through time: what it does and how to do it},
  author={Werbos, Paul J},
  journal={Proceedings of the IEEE},
  volume={78},
  number={10},
  pages={1550--1560},
  year={1990},
  publisher={IEEE}
}

@inproceedings{krizhevsky2012imagenet,
  title={ImageNet Classification with Deep Convolutional Neural Networks.},
  author={Krizhevsky, Alex and Sutskever, Ilya and Hinton, Geoffrey E},
  booktitle={NIPS},
  volume={1},
  number={2},
  pages={4},
  year={2012}
}

@article{pascanu2012difficulty,
  title={On the difficulty of training recurrent neural networks},
  author={Pascanu, Razvan and Mikolov, Tomas and Bengio, Yoshua},
  journal={arXiv preprint arXiv:1211.5063},
  year={2012}
}

@article{hochreiter1997long,
  title={Long short-term memory},
  author={Hochreiter, Sepp and Schmidhuber, J{\"u}rgen},
  journal={Neural computation},
  volume={9},
  number={8},
  pages={1735--1780},
  year={1997},
  publisher={MIT Press}
}

@inproceedings{sutskever2008recurrent,
  title={The Recurrent Temporal Restricted Boltzmann Machine.},
  author={Sutskever, Ilya and Hinton, Geoffrey E and Taylor, Graham W},
  booktitle={NIPS},
  volume={21},
  pages={2008},
  year={2008}
}

@incollection{koren2003spectral,
  title={On spectral graph drawing},
  author={Koren, Yehuda},
  booktitle={Computing and Combinatorics},
  pages={496--508},
  year={2003},
  publisher={Springer}
}
